@online{zcormier,
author = {Zoe Cormier},
title = {The loudest voice in the animal kingdom},
year = {},
url = {https://www.bbcearth.com/news/the-loudest-voice-in-the-animal-kingdom},
OPTsubtitle = {},
OPTtitleaddon = {},
OPTlanguage = {},
OPTversion = {},
OPTnote = {},
OPTorganization = {},
OPTdate = {},
OPTmonth = {},
OPTaddendum = {},
OPTpubstate = {},
OPTurldate = {},
}

@online{chris,
author = {Chris},
title = {Level Of Noise in Decibels (dB) Level Comparison Chart},
year = {},
url = {https://soundproofingguide.com/decibels-level-comparison-chart/},
OPTsubtitle = {},
OPTtitleaddon = {},
OPTlanguage = {},
OPTversion = {},
OPTnote = {},
OPTorganization = {},
OPTdate = {},
OPTmonth = {},
OPTaddendum = {},
OPTpubstate = {},
OPTurldate = {},
}

@online{wikipiano,
author = {Wikipedia},
title = {Piano key frequencies},
year = {},
url = {https://en.wikipedia.org/wiki/Piano_key_frequencies},
OPTsubtitle = {},
OPTtitleaddon = {},
OPTlanguage = {},
OPTversion = {},
OPTnote = {},
OPTorganization = {},
OPTdate = {},
OPTmonth = {},
OPTaddendum = {},
OPTpubstate = {},
OPTurldate = {},
}

@online{wikilocalization,
author = {Wikipedia},
title = {Sound localization},
year = {},
url = {https://en.wikipedia.org/wiki/Sound_localization},
OPTsubtitle = {},
OPTtitleaddon = {},
OPTlanguage = {},
OPTversion = {},
OPTnote = {},
OPTorganization = {},
OPTdate = {},
OPTmonth = {},
OPTaddendum = {},
OPTpubstate = {},
OPTurldate = {},
}

@inbook{phasedhandbook,
author = {Robert J. Mailloux},
title = {Phased Arrays in Radar and Communication Systems},
booktitle = {Phased Array Antenna Handbook},
year = {1994}
}

@online{wikifarfield,
author = {Wikipedia},
title = {Near and far field},
year = {},
url = {https://en.wikipedia.org/wiki/Near_and_far_field},
OPTsubtitle = {},
OPTtitleaddon = {},
OPTlanguage = {},
OPTversion = {},
OPTnote = {},
OPTorganization = {},
OPTdate = {},
OPTmonth = {},
OPTaddendum = {},
OPTpubstate = {},
OPTurldate = {},
}

@article{mlcoqui,
author = {Miguel A. Acevedo, et. al},
title = {Automated classification of bird and amphibian calls using machine learning: A comparison of methods},
journaltitle = {Ecological Informatics},
year = {2009},
}

@inbook{practicalprocessing,
author = {Edmund Lai},
title = {Practical Digital Signal Processing},
booktitle = {Practical Digital Signal Processing},
year = {2003}
}

@online{dft,
author = {Wikipedia},
title = {Discrete Fourier transform},
year = {},
url = {https://en.wikipedia.org/wiki/Discrete_Fourier_transform},
OPTsubtitle = {},
OPTtitleaddon = {},
OPTlanguage = {},
OPTversion = {},
OPTnote = {},
OPTorganization = {},
OPTdate = {},
OPTmonth = {},
OPTaddendum = {},
OPTpubstate = {},
OPTurldate = {},
}

@online{afox,
author = {Arthur Fox},
title = {What is a MEMS Microphone?},
url = {https://mynewmicrophone.com/what-is-a-mems-micro-electro-mechanical-systems-microphone/},
}

@online{rdunn,
author = {Robert Dunn},
title = {What is Sound Pressure Level (SPL) and how is it measured?},
url = {https://pulsarinstruments.com/news/sound-pressure-level-and-spl-meters/},
}

@online{jlewis,
author = {Jerad Lewis},
title = {Understanding Microphone Sensitivity},
url = {https://www.analog.com/en/analog-dialogue/articles/understanding-microphone-sensitivity.html#:~:text=Microphone%20sensitivity%20is%20typically%20measured,a%20measure%20of%20its%20sensitivity},
}

@inbook{artofelectronics,
author = {Paul Horowitz and Winfield Hill},
title = {The Art of Electronics},
booktitle = {The Art of Electronics},
year = {2015}
}

@online{fzigunov,
author = {Fernando Zigunov},
title = {Delta-Sigma Modulator Basics},
url = {https://www.youtube.com/watch?v=NrkFd7h6R2Y&list=WL&index=4},
}

@online{tinstruments,
author = {Texas Instruments},
title = {SAR and delta-sigma: Basic operation},
url = {https://www.youtube.com/watch?v=U_Yv69IGAfQ&list=WL&index=3},
}





